<?xml version="1.0" encoding="UTF-8"?><collection xmlns="http://www.loc.gov/MARC21/slim"><record><leader>00502nam--2200193-i-4500</leader><controlfield tag="001">000001556</controlfield><controlfield tag="002">20161230</controlfield><controlfield tag="005">20161230201024</controlfield><controlfield tag="008">060222s1000------------r-----000-0-eng-d</controlfield><datafield ind1=" " ind2=" " tag="020"><subfield code="a">0122203054</subfield></datafield><datafield ind1=" " ind2=" " tag="040"><subfield code="a">IFIN-HH</subfield></datafield><datafield ind1=" " ind2=" " tag="080"><subfield code="a">536.76(082)</subfield></datafield><datafield ind1="1" ind2=" " tag="100"><subfield code="a">Domb, C</subfield></datafield><datafield ind1="1" ind2="0" tag="245"><subfield code="a">Phase transitions and critical phenomena</subfield><subfield code="b">VOLUME 5b</subfield><subfield code="c">C. domb; green, m.s</subfield></datafield><datafield ind1=" " ind2=" " tag="260"><subfield code="a">London</subfield><subfield code="b">Academic Press</subfield><subfield code="c">1976</subfield></datafield><datafield ind1=" " ind2=" " tag="300"><subfield code="a">412P</subfield></datafield><datafield ind1=" " ind2=" " tag="700"><subfield code="a">Domb, C</subfield><subfield code="e">Ed</subfield></datafield><datafield ind1=" " ind2=" " tag="852"><subfield code="a">37112</subfield><subfield code="c">536.7</subfield></datafield><datafield ind1=" " ind2=" " tag="CAT"><subfield code="a">Sys</subfield><subfield code="c">20110518</subfield><subfield code="h">130042</subfield></datafield></record></collection>